@article{DNNReco,
  title     = {A convolutional neural network based cascade reconstruction for the IceCube Neutrino Observatory},
  volume    = {16},
  issn      = {1748-0221},
  url       = {http://dx.doi.org/10.1088/1748-0221/16/07/P07041},
  doi       = {10.1088/1748-0221/16/07/p07041},
  number    = {07},
  journal   = {Journal of Instrumentation},
  publisher = {IOP Publishing},
  author    = {Abbasi, R. and Ackermann, M. and Adams, J. and Aguilar, J.A. and Ahlers, M. and Ahrens, M. and Alispach, C. and Alves, A.A. and Amin, N.M. and An, R. and Andeen, K. and Anderson, T. and Ansseau, I. and et al.},
  year      = {2021},
  month     = {Jul},
  pages     = {P07041}
}

@article{reimann2020search,
  title       = {Search for the sources of the astrophysical high-energy muon-neutrino flux with the IceCube neutrino observatory},
  author      = {Reimann, Ren{\'e}},
  year        = {2020},
  institution = {RWTH Aachen Fachgruppe Physik},
  url         = {http://publications.rwth-aachen.de/record/773297}
}

@article{aker2022direct,
  title         = {Direct neutrino-mass measurement with sub-electronvolt sensitivity},
  author        = {Aker, M and Beglarian, A and Behrens, J and Berlev, A and Besserer, U and Bieringer, B and Block, F and Bobien, S and B{\"o}ttcher, M and Bornschein, B and others},
  journal       = {Nature Physics},
  volume        = {18},
  number        = {2},
  pages         = {160--166},
  collaboration = {KATRIN},
  year          = {2022},
  doi           = {10.1038/s41567-021-01463-1}
}
